<?xml version="1.0" encoding="UTF-8"?><record xmlns="http://www.loc.gov/MARC21/slim" xmlns:cinclude="http://apache.org/cocoon/include/1.0" xmlns:zs="http://www.loc.gov/zing/srw/">
  <leader>00518nz  a2200169n  4500</leader>
  <controlfield tag="001">n 2015033306</controlfield>
  <controlfield tag="003">DLC</controlfield>
  <controlfield tag="005">20150529173243.0</controlfield>
  <controlfield tag="008">150526n| azannaabn          |b aaa      </controlfield>
  <datafield tag="010" ind1=" " ind2=" ">
    <subfield code="a">n 2015033306</subfield>
  </datafield>
  <datafield tag="040" ind1=" " ind2=" ">
    <subfield code="a">DLC</subfield>
    <subfield code="b">eng</subfield>
    <subfield code="e">rda</subfield>
    <subfield code="c">DLC</subfield>
  </datafield>
  <datafield tag="046" ind1=" " ind2=" ">
    <subfield code="f">1963-06</subfield>
  </datafield>
  <datafield tag="100" ind1="1" ind2=" ">
    <subfield code="a">Du, shuang,</subfield>
    <subfield code="d">1963 June-</subfield>
  </datafield>
  <datafield tag="400" ind1="1" ind2=" ">
    <subfield code="a">杜爽,</subfield>
    <subfield code="d">1963 June-</subfield>
  </datafield>
  <datafield tag="667" ind1=" " ind2=" ">
    <subfield code="a">Non-Latin script reference not evaluated</subfield>
  </datafield>
  <datafield tag="670" ind1=" " ind2=" ">
    <subfield code="a">Xiang cun zhai wu wen ti yan jiu, 2008:</subfield>
    <subfield code="b">t.p. (杜爽, Du shuang)</subfield>
  </datafield>
  <datafield tag="670" ind1=" " ind2=" ">
    <subfield code="a">OCLC 2015-05-26:</subfield>
    <subfield code="b">(杜爽, Du shuang, 1963 June-)</subfield>
  </datafield>
</record>